<?xml version="1.0" encoding="UTF-8"?><collection xmlns="http://www.loc.gov/MARC21/slim"><record><leader>00512nam--2200157-i-4500</leader><controlfield tag="001">000011526</controlfield><controlfield tag="002">20161230</controlfield><controlfield tag="005">20161230201029</controlfield><controlfield tag="008">060222s1000------------r-----000-0-eng-d</controlfield><datafield ind1=" " ind2=" " tag="080"><subfield code="a">530.145:537.8</subfield></datafield><datafield ind1=" " ind2=" " tag="100"><subfield code="a">Bialynicki-birula, Iwo And Bialynicka-birula, Zofia</subfield></datafield><datafield ind1=" " ind2=" " tag="245"><subfield code="a">Ouantum electrodynamics.translated from the po lish  by eugene  lepa</subfield></datafield><datafield ind1=" " ind2=" " tag="260"><subfield code="a">Oxford, Pergamon Press , 1975. Xv + 550 P</subfield></datafield><datafield ind1=" " ind2=" " tag="490"><subfield code="a">International Series Of Monographs In Natural Philosophy</subfield></datafield><datafield ind1=" " ind2=" " tag="700"><subfield code="a">D.Ter Haar</subfield></datafield><datafield ind1=" " ind2=" " tag="852"><subfield code="a">42754</subfield></datafield></record></collection>